@misc{ashjaeiLectureDeviceDrivers2023,
  title = {Lecture 4: {{Device Drivers}}, {{Interrupts}} and {{OS Basics}}},
  author = {Ashjaei, Mohammad},
  year = {2023},
  month = sep,
  address = {{V\"aster\aa s}},
  langid = {english}
}

@misc{ashjaeiLectureESHardware2023,
  title = {Lecture 3: {{ES Hardware}}},
  author = {Ashjaei, Mohammad},
  year = {2023},
  month = sep,
  address = {{V\"aster\aa s}},
  langid = {english}
}

@misc{ashjaeiLectureProgramingES2023,
  title = {Lecture 2 {{Programing ES The}} Blinking {{LED}} Program},
  author = {Ashjaei, Mohammad},
  year = {2023},
  month = aug,
  address = {{V\"aster\aa s}},
  langid = {english}
}

@book{barrProgrammingEmbeddedSystems2009,
  title = {Programming {{Embedded Systems}}: {{With C}} and {{GNU Development Tools}}},
  shorttitle = {Programming {{Embedded Systems}}},
  author = {Barr, Michael and Massa, Anthony},
  year = {2009},
  edition = {2nd ed},
  publisher = {{O'Reilly Media, Inc.}},
  address = {{Sebastopol}},
  abstract = {Whether you're writing your first embedded program, designing the latest generation of hand-held whatchamacalits, or managing the people who do, this book is for you. Programming Embedded Systems will help you develop the knowledge and skills you need to achieve proficiency with embedded software},
  isbn = {978-0-596-55328-9},
  langid = {english},
  annotation = {OCLC: 609840927}
}

@book{barryUsingFreeRTOSReal2010,
  title = {Using the {{freeRTOS}} Real Time Kernel: A Practical Guide},
  shorttitle = {Using the {{freeRTOS}} Real Time Kernel},
  editor = {Barry, Richard},
  year = {2010},
  edition = {1. ed., standard ed},
  publisher = {{Real Time Engineers}},
  address = {{S.l}},
  isbn = {978-1-4461-6914-8},
  langid = {english}
}

@book{liRealtimeConceptsEmbedded2003,
  title = {Real-Time Concepts for Embedded Systems},
  author = {Li, Qing and Yao, Caroline},
  year = {2003},
  publisher = {{CMP Books}},
  address = {{San Francisco}},
  abstract = {' ... A very good balance between the theory and practice of real-time embedded system designs.' \& mdash; Jun-ichiro itojun Hagino, Ph. D., Research Laboratory, Internet Initiative Japan Inc., IETF IPv6 Operations Working Group (v6ops) co-chair 'A cl},
  isbn = {978-0-08-051588-5},
  langid = {english},
  annotation = {OCLC: 62942463}
}

@misc{mubeenCourseIntroLecture2023,
  title = {Course {{Intro}} + {{Lecture}} 1: {{Intro}} to {{ES}}},
  author = {Mubeen, Saad},
  year = {2023},
  month = aug,
  address = {{V\"aster\aa s}},
  langid = {english}
}

@misc{mubeenLectureDesignTest2023,
  title = {Lecture 5: {{Design}}, {{Test}} and {{Debug ES}}},
  author = {Mubeen, Saad},
  year = {2023},
  month = sep,
  address = {{V\"aster\aa s}},
  langid = {english}
}

@misc{mubeenLectureRTOS2023,
  title = {Lecture 6: {{RTOS I}}},
  author = {Mubeen, Saad},
  year = {2023},
  month = sep,
  address = {{V\"aster\aa s}},
  langid = {english}
}

@misc{mubeenLectureRTOSII2023,
  title = {Lecture 7: {{RTOS II}}},
  author = {Mubeen, Saad},
  year = {2023},
  month = sep,
  address = {{V\"aster\aa s}},
  langid = {english}
}

@misc{mubeenLectureRTOSIII2023,
  title = {Lecture 8: {{RTOS III}}},
  author = {Mubeen, Saad},
  year = {2023},
  month = oct,
  address = {{V\"aster\aa s}},
  langid = {english}
}

@misc{paulenoiuLectureSoftwareTesting2023,
  title = {Lecture 9: {{Software Testing}}},
  author = {Paul Enoiu, Eduard},
  year = {2023},
  month = oct,
  address = {{V\"aster\aa s}},
  langid = {english}
}

@misc{sjodinLecture10Execution2023,
  title = {Lecture 10: {{Execution}}, {{Resource Usage}} and {{Optimization}}},
  author = {Sj{\"o}din, Mikael},
  year = {2023},
  month = oct,
  address = {{V\"aster\aa s}},
  langid = {english}
}

@misc{VTaskDelay2023,
  title = {{{vTaskDelay}}},
  year = {2023},
  month = sep,
  url = {https://www.freertos.org/a00127.html},
  urldate = {2023-09-22}
}

@misc{VTaskDelayUntil2023,
  title = {{{vTaskDelayUntil}}},
  year = {2023},
  month = sep,
  url = {https://www.freertos.org/vtaskdelayuntil.html},
  urldate = {2023-09-22}
}
